@misc{musicxml,
  author       = "Wikipedia",
  title        = "MusicXML",
  howpublished = "\url{en.wikipedia.org/wiki/MusicXML}",
  month        = "lipanj",
  year         = "2021",
  note         = "pristupljeno 6. svibnja 2022"
}

@misc{nttd,
  author       = "LittleTranscriber",
  title        = "Billie Eilish - No Time To Die (Piano Cover) Synthesia Tutorial by LittleTranscriber",
  howpublished = "\url{www.youtube.com/watch?v=Wi9AQ1bB0Uc}",
  month        = "veljača",
  year         = "2020",
  note         = "pristupljeno 10. svibnja 2022"
}

@misc{tracking1,
  author       = "Cindy Trinh Sridykhan",
  title        = "A tour of Video Object Tracking — Part I: Presentation",
  howpublished = "\url{medium.com/@cindy.trinh.sridykhan/a-tour-of-video-object-tracking-part-i-presentation-8a8aa9da9394}",
  month        = "rujan",
  year         = "2019",
  note         = "pristupljeno 2. svibnja 2022"
}

@misc{tracking2,
  author       = "Cindy Trinh Sridykhan",
  title        = "A tour of Video Object Tracking — Part III: Multiple Object Tracking",
  howpublished = "\url{medium.com/@cindy.trinh.sridykhan/a-tour-of-video-object-tracking-part-iii-multiple-object-tracking-5e3a15ae0a7c}",
  month        = "rujan",
  year         = "2019",
  note         = "pristupljeno 2. svibnja 2022"
}

@misc{midi,
  author       = "Lucas Welter",
  title        = "How to Connect Your Digital Piano to a Computer, iPad, or Android Device",
  howpublished = "\url{pianodreamers.com/midi-connection-guide}",
  month        = "srpanj",
  year         = "2021",
  note         = "pristupljeno 7. svibnja 2022"
}

@misc{tracking3,
  author       = "Shishira R Maiya",
  title        = "DeepSORT: Deep Learning to Track Custom Objects in a Video",
  howpublished = "\url{https://nanonets.com/blog/object-tracking-deepsort/}",
  year         = "2019",
  note         = "pristupljeno 3. svibnja 2022"
}
